@article{Pastas,
    author  = {Collenteur, R.A. and Bakker, M. and Caljé, R. and Klop, S.A. and Schaars, F.},
    title   = {Pastas: Open Source Software for the Analysis of Groundwater Time Series},
    journal ={Groundwater},
    year    = {2019},
    doi     = {10.1111/gwat.12925},
}

@article{Brakenhoff2022,
    author  = {Brakenhoff, D.A. and Vonk, M.A. and Collenteur, R.A. and {van Baar}, M. and Bakker, M.},
    title   = {Application of Time Series Analysis to Estimate Drawdown From Multiple Well Fields},
    journal = {Frontiers in Earth Science},
    year    = {2022},
    doi     = {10.3389/feart.2022.907609},
}

@article{Asmuth2002,
    author  = {{von Asmuth}, J.R. and Bierkens, M. F.P. and Maas, K.},
    title   = {Transfer Function-Noise Modeling in Continuous Time Using Predefined Impulse Response Functions},
    year    = {2002},
    journal = {Water Resources Research},
    doi     = {10.1029/2001WR001136},
}

@manual{MFUSG,
    title        = {{USG-Transport}: Transport and other Enhancements to {MODFLOW-USG}.},
    author       = {Panday, S.},
    organization = {GSI Environmental},
    year         = {2024},
}
% note         = {\url{https://www.gsienv.com/product/modflow-usg/}},

@article{Vonk2024,
    title   = {Time series analysis of nonlinear head response using synthetic data generated with a variably saturated model},
    author  = {Vonk, M.A. and Collenteur, R.A. and Panday, S. and Schaars, F. and Bakker, M.},
    journal = {Groundwater},
    year    = {2024},
    doi     = {10.1111/gwat.13403},
}
% volume = {62},
% number = {5},
% pages = {748-760},

@article{White2018,
    title   = {A model-independent iterative ensemble smoother for efficient history-matching and uncertainty quantification in very high dimensions},
    author  = {J.T. White},
    journal = {Environmental Modelling \& Software},
    year    = {2018},
    doi     = {10.1016/j.envsoft.2018.06.009},
}

@article{GroundwaterModelingChallenge2024,
    author  = {{R.A. Collenteur, E. Haaf,  M. Bakker, T. Liesch, A. Wunsch et al.}},
    title   = {Data-driven modeling of hydraulic head time series: results and lessons learned from the 2022 groundwater modeling challenge},
    journal = {Hydrology and Earth System Sciences},
    year    = {2024},
    doi     = {10.5194/hess-2024-111}
}
% author = {Collenteur, R. A. and Haaf, E. and Bakker, M. and Liesch, T. and Wunsch, A. and Soonthornrangsan, J. and White, J. and Martin, N. and Hugman, R. and Fienen, M. and de Sousa, E. and Vanden Berghe, D. and Fan, X. and Peterson, T. and Bik\v{s}e, J. and Di Ciacca, A. and Wang, X. and Zheng, Y. and N\"olscher, M. and Koch, J. and Schneider, R. and Benavides H\"oglund, N. and Chidepudi, S. K. R. and Henriot, A. and Massei, N. and Jardani, A. and Rudolph, M. G. and Rouhani, A. and G\'omez-Hern\'andez, J. and Jomaa, S. and P\"olz, A. and Franken, T. and Behbooei, M. and Lin, J. and Tolson, B. and Meysami, R.}

@article{Fienen2024,
    author  = {Fienen, M.N. and White, J.T. and Hayek, M.},
    title   = {{Parameter ESTimation} With the {Gauss–Levenberg–Marquardt} Algorithm: An Intuitive Guide},
    journal = {Groundwater},
    year    = {2024},
    doi     = {10.1111/gwat.13433},
}

@article{Scipy,
    author  = {{P. Virtanen,  R. Gommers, T.E. Oliphant et al.}},
    title   = {{SciPy} 1.0: Fundamental Algorithms for Scientific Computing in {Python}},
    journal = {Nature Methods},
    year    = {2020},
    doi     = {10.1038/s41592-019-0686-2},
}
% author = {Virtanen, P. and Gommers, R. and Oliphant, T. E. and Haberland, M. and Reddy, T. and Cournapeau, D. and Burovski, E. and Peterson, P. and Weckesser, W. and Bright, J. and van der Walt, S. J. and Brett, M. and Wilson, J. and Millman, K. J. and Mayorov, N. and Nelson, A. R. J. and Jones, E. and Kern, R. and Larson, E. and Carey, C. J. and Polat, İ. and Feng, Y. and Moore, E. W. and VanderPlas, J. and Laxalde, D. and Perktold, J. and Cimrman, R. and Henriksen, I. and Quintero, E. A. and Harris, C. R. and Archibald, A. M. and Ribeiro, A. H. and Pedregosa, F. and van Mulbregt, P. and {SciPy 1.0 Contributors}.}

@article{White2020,
    title   = {Approaches to Highly Parameterized Inversion: {PEST++} Version 5, a Software Suite for Parameter Estimation, Uncertainty Analysis, Management Optimization and Sensitivity Analysis},
    author  = {White, J.T. and Hunt, R.J. and Fienen, M.N. and Doherty, J.E.},
    journal = {U.S. Geological Survey Techniques and Methods 7-C2},
    year    = {2020},
    doi     = {10.3133/tm7C26}
}